<record xmlns="http://www.loc.gov/MARC21/slim" xmlns:xsi="http://www.w3.org/2001/XMLSchema-instance" xsi:schemaLocation="http://www.loc.gov/MARC21/slim http://www.loc.gov/standards/marcxml/schema/MARC21slim.xsd"><leader>     nam a22        4500</leader><controlfield tag="001">1933750</controlfield><controlfield tag="003">NIC</controlfield><controlfield tag="006">m        d        </controlfield><controlfield tag="007">cr cn |||m|||a</controlfield><controlfield tag="008">150316s1964    iq      ob    000 0 ara d</controlfield><datafield ind1=" " ind2=" " tag="040"><subfield code="a">NNU</subfield><subfield code="b">eng</subfield><subfield code="e">rda</subfield><subfield code="c">NNU</subfield></datafield><datafield ind1=" " ind2=" " tag="043"><subfield code="a">a-su---</subfield></datafield><datafield ind1=" " ind2="4" tag="050"><subfield code="a">BP75.2</subfield><subfield code="b">.F58 1964</subfield></datafield><datafield ind1="1" ind2=" " tag="100"><subfield code="6">880-01</subfield><subfield code="a">H&#803;usayni&#772; al-Fi&#772;ru&#772;za&#772;ba&#772;di&#772; al-Najafi&#772;, Muh&#803;ammad ibn Murtad&#803;a&#769;.</subfield></datafield><datafield ind1="1" ind2="0" tag="245"><subfield code="6">880-02</subfield><subfield code="a">Fad&#803;a&#772;&#700;il al-khamsah min al-s&#803;ih&#803;a&#772;h&#803; al-sittah wa-ghayriha&#772; min al-kutub al-mu&#699;tabarah &#699;inda ahl al-sunnah wa-al-jama&#772;&#699;ah /</subfield><subfield code="c">bi-qalam Murtad&#803;a&#769; al-H&#803;usayni&#772; al-Fi&#772;ru&#772;za&#772;ba&#772;di&#772;.</subfield></datafield><datafield ind1=" " ind2=" " tag="260"><subfield code="6">880-03</subfield><subfield code="a">al-Najaf :</subfield><subfield code="b">Manshu&#772;ra&#772;t Da&#772;r al-Kutub al-Isla&#772;mi&#772;yah,</subfield><subfield code="c">1383-1384 [1964]</subfield></datafield><datafield ind1=" " ind2=" " tag="300"><subfield code="a">online resource (3 volumes)</subfield></datafield><datafield ind1=" " ind2=" " tag="336"><subfield code="a">text</subfield><subfield code="2">rdacontent</subfield></datafield><datafield ind1=" " ind2=" " tag="337"><subfield code="a">computer</subfield><subfield code="2">rdamedia</subfield></datafield><datafield ind1=" " ind2=" " tag="338"><subfield code="a">online resource</subfield><subfield code="2">rdacarrier</subfield></datafield><datafield ind1=" " ind2=" " tag="500"><subfield code="a">Part of the Arabic Collections Online (ACO) project, contributed by Cornell University Libraries.</subfield></datafield><datafield ind1=" " ind2=" " tag="504"><subfield code="a">Includes bibliographical references (v. 3, pages 354-359).</subfield></datafield><datafield ind1=" " ind2=" " tag="533"><subfield code="a">Electronic reproduction.</subfield><subfield code="b">New York, N.Y. :</subfield><subfield code="c">New York University,</subfield><subfield code="d">2015.</subfield><subfield code="5">NNU</subfield></datafield><datafield ind1="0" ind2="0" tag="600"><subfield code="a">Muh&#803;ammad,</subfield><subfield code="c">Prophet,</subfield><subfield code="d">-632.</subfield></datafield><datafield ind1=" " ind2="0" tag="650"><subfield code="a">Muslims</subfield><subfield code="z">Saudi Arabia</subfield><subfield code="v">Biography.</subfield></datafield><datafield ind1=" " ind2="0" tag="650"><subfield code="a">Hadith.</subfield></datafield><datafield ind1="0" ind2="7" tag="600"><subfield code="a">Muh&#803;ammad,</subfield><subfield code="c">Prophet,</subfield><subfield code="d">-632</subfield><subfield code="2">fast</subfield><subfield code="0">(OCoLC)fst01836298</subfield></datafield><datafield ind1=" " ind2="7" tag="650"><subfield code="a">Hadith.</subfield><subfield code="2">fast</subfield><subfield code="0">(OCoLC)fst00950112</subfield></datafield><datafield ind1=" " ind2="7" tag="650"><subfield code="a">Muslims.</subfield><subfield code="2">fast</subfield><subfield code="0">(OCoLC)fst01031029</subfield></datafield><datafield ind1=" " ind2="7" tag="651"><subfield code="a">Saudi Arabia.</subfield><subfield code="2">fast</subfield><subfield code="0">(OCoLC)fst01210372</subfield></datafield><datafield ind1=" " ind2="7" tag="655"><subfield code="a">Biography.</subfield><subfield code="2">fast</subfield><subfield code="0">(OCoLC)fst01423686</subfield></datafield><datafield ind1="2" ind2=" " tag="710"><subfield code="a">Cornell University.</subfield><subfield code="b">Libraries.</subfield></datafield><datafield ind1="0" ind2=" " tag="730"><subfield code="a">Arabic Collections Online.</subfield></datafield><datafield ind1="0" ind2="8" tag="776"><subfield code="i">Print version:</subfield><subfield code="a">H&#803;usayni&#772; al-Fi&#772;ru&#772;za&#772;ba&#772;di&#772; al-Najafi&#772;, Muh&#803;ammad ibn Murtad&#803;a&#769;.</subfield><subfield code="t">Fad&#803;a&#772;&#700;il al-khamsah min al-s&#803;ih&#803;a&#772;h&#803; al-sittah wa-ghayriha&#772; min al-kutub al-mu&#699;tabarah &#699;inda ahl al-sunnah wa-al-jama&#772;&#699;ah</subfield><subfield code="w">(NIC)1933750</subfield><subfield code="w">(OCoLC)60510007</subfield></datafield><datafield ind1="4" ind2="0" tag="856"><subfield code="u">http://hdl.handle.net/2333.1/2z34tq0b</subfield></datafield><datafield ind1="1" ind2=" " tag="880"><subfield code="6">100-01/r</subfield><subfield code="a">&#1581;&#1587;&#1610;&#1606;&#1610; &#1575;&#1604;&#1601;&#1610;&#1585;&#1608;&#1586;&#1570;&#1576;&#1575;&#1583;&#1610; &#1575;&#1604;&#1606;&#1580;&#1601;&#1610;&#1548; &#1605;&#1581;&#1605;&#1583; &#1576;&#1606; &#1605;&#1585;&#1578;&#1590;&#1609;.</subfield></datafield><datafield ind1="1" ind2="0" tag="880"><subfield code="6">245-02/r</subfield><subfield code="a">&#1601;&#1590;&#1575;&#1574;&#1604; &#1575;&#1604;&#1582;&#1605;&#1587;&#1577; &#1605;&#1606; &#1575;&#1604;&#1589;&#1581;&#1575;&#1581; &#1575;&#1604;&#1587;&#1578;&#1577; &#1608;&#1594;&#1610;&#1585;&#1607;&#1575; &#1605;&#1606; &#1575;&#1604;&#1603;&#1578;&#1576; &#1575;&#1604;&#1605;&#1593;&#1578;&#1576;&#1585;&#1577; &#1593;&#1606;&#1583; &#1571;&#1607;&#1604; &#1575;&#1604;&#1587;&#1606;&#1577; &#1608;&#1575;&#1604;&#1580;&#1605;&#1575;&#1593;&#1577; /</subfield><subfield code="c">&#1576;&#1602;&#1604;&#1605; &#1605;&#1589;&#1591;&#1601;&#1609; &#1575;&#1604;&#1581;&#1587;&#1610;&#1606;&#1610; &#1575;&#1604;&#1601;&#1610;&#1585;&#1608;&#1586;&#1570;&#1576;&#1575;&#1583;&#1610;.</subfield></datafield><datafield ind1=" " ind2=" " tag="880"><subfield code="6">260-03/r</subfield><subfield code="a">&#1575;&#1604;&#1606;&#1580;&#1601; :</subfield><subfield code="b">&#1605;&#1606;&#1588;&#1608;&#1585;&#1575;&#1578; &#1583;&#1575;&#1585; &#1575;&#1604;X&#1578;&#1576; &#1575;&#1604;&#1573;&#1587;&#1604;&#1575;&#1605;&#1610;&#1577;&#1548;</subfield><subfield code="c">4831-3831.</subfield></datafield><datafield ind1=" " ind2=" " tag="959"><subfield code="a">NNU</subfield><subfield code="b">WEB</subfield><subfield code="c">GENI</subfield><subfield code="t">0</subfield><subfield code="m">Electronic access</subfield><subfield code="s">01</subfield></datafield><datafield ind1=" " ind2=" " tag="999"><subfield code="i">NIC_1933750</subfield><subfield code="o">(OCoLC)ocm60510007 </subfield><subfield code="s">cornell_aco000324:juz1</subfield><subfield code="s">cornell_aco000325:juz2</subfield><subfield code="s">cornell_aco000326:juz3</subfield></datafield></record>